<?xml version="1.0" encoding="UTF-8"?><collection><record><leader>07422ntm a2200649 a 4500</leader><controlfield tag="001">006815082</controlfield><controlfield tag="003">MiAaHDL</controlfield><controlfield tag="005">20190719000000.0</controlfield><controlfield tag="006">m        d        </controlfield><controlfield tag="007">cr bn ---auaua</controlfield><controlfield tag="008">090610s1626    xx            00| ||ara d</controlfield><datafield tag="035" ind1=" " ind2=" "><subfield code="a">(MiU)006815082</subfield></datafield><datafield tag="035" ind1=" " ind2=" "><subfield code="a">sdr-miu006815082</subfield></datafield><datafield tag="040" ind1=" " ind2=" "><subfield code="a">MiU</subfield><subfield code="c">MiU</subfield><subfield code="e">amremm</subfield></datafield><datafield tag="043" ind1=" " ind2=" "><subfield code="a">n-us-mi</subfield></datafield><datafield tag="100" ind1="1" ind2=" "><subfield code="6">880-01</subfield><subfield code="a">Ḥamawī, ʻAlī ibn ʻAṭīyah,</subfield><subfield code="d">-1530.</subfield></datafield><datafield tag="245" ind1="1" ind2="0"><subfield code="6">880-03</subfield><subfield code="a">Nūr al-‘ayn,</subfield><subfield code="f">[1035, i.e. 1626].</subfield></datafield><datafield tag="246" ind1="3" ind2=" "><subfield code="i">Title in Fihris makhṭūṭāt Dār al-Kutub al-Ẓāhirīyah:</subfield><subfield code="a">سلك العين لاذهاب الغين</subfield></datafield><datafield tag="246" ind1="3" ind2=" "><subfield code="i">Title in Fihris makhṭūṭāt Dār al-Kutub al-Ẓāhirīyah:</subfield><subfield code="a">شرح تائية ابن حبيب الصفدي</subfield></datafield><datafield tag="246" ind1="3" ind2=" "><subfield code="6">880-05</subfield><subfield code="i">Title in Kashf al-ẓunūn :</subfield><subfield code="a">Nazḥ al-shayn</subfield></datafield><datafield tag="246" ind1="3" ind2=" "><subfield code="6">880-04</subfield><subfield code="i">Title in Kashf al-ẓunūn :</subfield><subfield code="a">Kashf al-rayn</subfield></datafield><datafield tag="260" ind1=" " ind2=" "><subfield code="c">[1626].</subfield></datafield><datafield tag="300" ind1=" " ind2=" "><subfield code="a">158 leaves :</subfield><subfield code="b">paper ;</subfield><subfield code="c">205 x 158 (161 x 93) mm.</subfield></datafield><datafield tag="500" ind1=" " ind2=" "><subfield code="a">Shelfmark: Ann Arbor, University of Michigan, Special Collections Library, Isl. Ms. 636</subfield></datafield><datafield tag="500" ind1=" " ind2=" "><subfield code="a">Origin: As appears in colophon on p.313, copied by ʻUmar ibn Ismāʻīl with transcription completed 9 Rajab 1035 [ca. 6 April 1626].</subfield></datafield><datafield tag="500" ind1=" " ind2=" "><subfield code="a">Accompanying materials: a. Acquisitions slip from Yahuda -- b. Inventory cataloguing slip in hand of Winifred Smeaton Thomas.</subfield></datafield><datafield tag="500" ind1=" " ind2=" "><subfield code="a">Former shelfmark: From interior of upper cover and label on fore edge flap "IL 402" (likely supplied by Yahuda, see acquisitions slip).</subfield></datafield><datafield tag="500" ind1=" " ind2=" "><subfield code="a">Binding: Pasteboards covered in light brown leather ; Type II binding (with flap) ; board linings in untinted laid paper ; spine lining in red and white striped textile ; upper and lower covers carry scalloped blind-stamped mandorla (filled with vegetal composition, similar to Déroche class. OAi 2) as well as tooled border in a series of rules ; sewn in white thread, two stations ; worked chevron endbands in red and cream, good condition ; overall in somewhat poor condition with much abrasion, staining, minor lifting of leather, upper and lower covers detaching at spine, etc. ; repairs in dark brown to black leather ; housed in box for protection.</subfield></datafield><datafield tag="500" ind1=" " ind2=" "><subfield code="a">Support: European laid paper with 7 laid lines per cm. (vertical), chain lines spaced 28-30 mm. apart (horizontal), anchor in circle watermark (see p.104, etc.) and countermark with "C B" [?] under trefoil (see p.106, etc.) ; sturdy, medium cream in color, burnished.</subfield></datafield><datafield tag="500" ind1=" " ind2=" "><subfield code="a">Decoration: Keywords, excerpts of qaṣīdah being commented upon and some abbreviation symbols rubricated ; written area surrounded by red and black triple rule-border.</subfield></datafield><datafield tag="500" ind1=" " ind2=" "><subfield code="a">Script: Naskh ; elegant 'Syrian' or Turkish hand ; mainly serifless with slight effect of tilt to the left and of words descending to baseline (occasionally more exaggerated), quite rounded with curvilinear descenders (some rightward descenders majmūʻah), pointing mainly in distinct dots, kāf mashqqūah preferred (even final kāf), final yāʼ often unpointed.</subfield></datafield><datafield tag="500" ind1=" " ind2=" "><subfield code="a">Layout: Written in 21 lines per page ; frame-ruled.</subfield></datafield><datafield tag="500" ind1=" " ind2=" "><subfield code="a">Collation: 15 V(150), IV (158) ; almost exclusively quinions ; catchwords present ; pagination in pencil, Western numerals, supplied during digitization (mistakenly skips two pages between pp.9-10).</subfield></datafield><datafield tag="500" ind1=" " ind2=" "><subfield code="a">Colophon: "Scribal," rectangular, reads "ووافق الفراغ من تعليقه بكرة نهار الاثنين تاسع شهر رجب الفرد سنة خمسة وثلاثين والف على يد الفقير الراجي عفو ربه القدير عمر بن اسماعيل غفر الله له ولوالديه ولجميع المسلمين امين يا رب العالمين وصلى الله على سيدنا محمد وعلى اله وصحبه اجمعين والحمد لله رب العالمين ان تجد عيبا فسد الخللا جل من لا فيه عيب ولا علا"</subfield></datafield><datafield tag="500" ind1=" " ind2=" "><subfield code="a">Explicit: "فرض امر الصلاة والسلام على النبي المكرم صلى الله عليه وسلم توسلا الى الله العظيم الاعظم ... دعواهم فيها سبحانك اللهم وتحيتهم فيها سلام واخر دعواهم ان الحمد لله رب العالمين"</subfield></datafield><datafield tag="500" ind1=" " ind2=" "><subfield code="a">Incipit: "رب اشرح لي صدر ويسر لي امري ... الحمد لله هادي من يشاء الى سبيله ومغني من اختاره لمعرفته بنور يقينه عن اقامة برهانه ودليله ... اما بعد فان السلوك فرض عين بلا خلاف على الذكور والاناث والعبيد والاشراف ... وكتب السلوك كثيرة لا تكاد تحصر لكن من اجلها وانفعها واجمعها واخصرها كتاب سلك العين لاذهاب الغين تسمية المصطفى عليه الصلاة والسلام تأليف الشيخ العارف الرباني سيدي عبد القادر بن حبيب الصفدي من بلاد الشام ..."</subfield></datafield><datafield tag="500" ind1=" " ind2=" "><subfield code="a">Title from inscription on upper board lining.</subfield></datafield><datafield tag="500" ind1=" " ind2=" "><subfield code="a">Ms. codex.</subfield></datafield><datafield tag="510" ind1="4" ind2=" "><subfield code="a">Fihris makhṭūṭāt Dār al-Kutub al-Ẓāhirīyah: al-taṣawwuf. Dimashq : Majmaʻ al-Lughah al-ʻArabīyah bi-Dimashq, 1978,</subfield><subfield code="c">v.2 p.50</subfield></datafield><datafield tag="510" ind1="4" ind2=" "><subfield code="a">Brit. Mus. Suppl.,</subfield><subfield code="c">no. 10891</subfield></datafield><datafield tag="510" ind1="4" ind2=" "><subfield code="a">Ḥājjī Khalīfah. Kashf al-ẓunūn,</subfield><subfield code="c">ii 90 ; iii 609 ; [2 / 997]</subfield></datafield><datafield tag="510" ind1="4" ind2=" "><subfield code="a">Brockelmann, C. GAL,</subfield><subfield code="c">II 123 ; II 333</subfield></datafield><datafield tag="520" ind1="8" ind2=" "><subfield code="a">Elegant copy of the commentary by ʻAlī ibn ʻAṭīyah ibn Ḥasan, ʻAlwān al-Ḥamawī (d.1530) on the Ṣūfī qaṣīdah in tāʼ by ‘Abd al-Qādir ibn Muḥammad ibn ʻUmar ibn Ḥabīb al-Ṣafadī (d. 1509) entitled Silk al-ʻayn li-idhhāb al-ghayn.</subfield></datafield><datafield tag="538" ind1=" " ind2=" "><subfield code="a">Mode of access: Internet.</subfield></datafield><datafield tag="541" ind1=" " ind2=" "><subfield code="a">Acquired in 1926 from the bookseller Isaac Benjamin S.E. Yahuda via purchase transacted on his behalf by Abraham Shalom Yahuda (1877-1951), his younger brother.</subfield></datafield><datafield tag="546" ind1=" " ind2=" "><subfield code="a">Arabic.</subfield></datafield><datafield tag="561" ind1=" " ind2=" "><subfield code="a">Ownership statement on 'title page' (p.1) in name of Muṣṭafá al-Khazzī [?] ( مصطفى الخزي ) ; pen trials (probatio pennae) on 'title page' (p.1) "تجربة الخط بالقلم لا فلح من ظلم" and a statement referring to a transaction of rent payments (اجرة البيوت) for the year 1051 [1641 or 2] with funds received by Muḥammad al-ʻAṭṭār ( محمد العطار ) ; waqf statement in upper margin of page facing incipit page (p.3) and elsewhere throughout reads "وقف مدرسة الملكية" ; collation marks and statements (appear in brown ink on verso of final leaf of virtually every quire, see p.38, 298, etc.) ; occasional glosses and marginal corrections.</subfield></datafield><datafield tag="600" ind1="1" ind2="0"><subfield code="a">Ṣafadī, ʻAbd al-Qādir ibn Muḥammad,</subfield><subfield code="d">d. 1509 or 10.</subfield><subfield code="t">Silk al-ʻayn li-idhhāb al-ghayn.</subfield></datafield><datafield tag="650" ind1=" " ind2="0"><subfield code="a">Manuscripts, Arabic</subfield><subfield code="z">Michigan</subfield><subfield code="z">Ann Arbor.</subfield></datafield><datafield tag="650" ind1=" " ind2="0"><subfield code="a">Sufi poetry, Arabic</subfield><subfield code="x">History and criticism</subfield><subfield code="v">Early works to 1800.</subfield></datafield><datafield tag="700" ind1="0" ind2=" "><subfield code="6">880-04</subfield><subfield code="a">‘Umar ibn Ismā‘īl,</subfield><subfield code="d">fl. 1626,</subfield><subfield code="t">scribe.</subfield></datafield><datafield tag="773" ind1="0" ind2=" "><subfield code="a">Yahuda Collection.</subfield></datafield><datafield tag="880" ind1="0" ind2=" "><subfield code="6">700-04/</subfield><subfield code="a">عمر بن اسماعيل,</subfield><subfield code="t">ناسخ.</subfield></datafield><datafield tag="880" ind1="3" ind2=" "><subfield code="6">246-05/</subfield><subfield code="a">نزح الشين</subfield></datafield><datafield tag="880" ind1="3" ind2=" "><subfield code="6">246-04/</subfield><subfield code="a">كشف الدين</subfield></datafield><datafield tag="880" ind1="1" ind2="0"><subfield code="6">245-03/</subfield><subfield code="a">نور العين,</subfield><subfield code="f">[1035ه, 1626م].</subfield></datafield><datafield tag="880" ind1="1" ind2=" "><subfield code="6">100-01/</subfield><subfield code="a">حموي، علي بن عطية.</subfield></datafield><datafield tag="CID" ind1=" " ind2=" "><subfield code="a">006815082</subfield></datafield><datafield tag="DAT" ind1="0" ind2=" "><subfield code="a">20190719102638.0</subfield><subfield code="b">20190719000000.0</subfield></datafield><datafield tag="DAT" ind1="1" ind2=" "><subfield code="a">20190719090653.0</subfield><subfield code="b">2019-07-19T16:11:43Z</subfield></datafield><datafield tag="DAT" ind1="2" ind2=" "><subfield code="a">2015-10-02T18:00:03Z</subfield></datafield><datafield tag="CAT" ind1=" " ind2=" "><subfield code="a">SDR-MIU</subfield><subfield code="d">EX LIBRIS - ALEPH</subfield><subfield code="l">prepare.pl-004-008</subfield></datafield><datafield tag="FMT" ind1=" " ind2=" "><subfield code="a">BK</subfield></datafield><datafield tag="HOL" ind1=" " ind2=" "><subfield code="0">sdr-miu006815082</subfield><subfield code="a">MiU</subfield><subfield code="b">SDR</subfield><subfield code="c">MIU</subfield><subfield code="p">mdp.39015079129279</subfield><subfield code="s">MIU</subfield><subfield code="1">006815082</subfield></datafield><datafield tag="974" ind1=" " ind2=" "><subfield code="b">MIU</subfield><subfield code="c">MIU</subfield><subfield code="d">20190719</subfield><subfield code="s">lit-dlps-dc</subfield><subfield code="u">mdp.39015079129279</subfield><subfield code="y">1626</subfield><subfield code="r">pd</subfield><subfield code="q">bib</subfield><subfield code="t">non-US bib date1 &lt; 1879</subfield></datafield></record></collection>